<?xml version="1.0" encoding="UTF-8"?><collection xmlns="http://www.loc.gov/MARC21/slim"><record><leader>00418nam--2200133-i-4500</leader><controlfield tag="001">000046444</controlfield><controlfield tag="002">20161230</controlfield><controlfield tag="005">20161230201046</controlfield><controlfield tag="008">060222s1000------------r-----000-0-eng-d</controlfield><datafield ind1=" " ind2=" " tag="100"><subfield code="a">Vigier,Jean Pierre</subfield></datafield><datafield ind1=" " ind2=" " tag="245"><subfield code="a">Structure des micro-objects dans l`interpretation causale de la theorie des quanta</subfield></datafield><datafield ind1=" " ind2=" " tag="260"><subfield code="a">Paris, Gauthier-villars, 1956. Xii + 192 P.+fig</subfield></datafield><datafield ind1=" " ind2=" " tag="490"><subfield code="a">Les Grandsproblemes Des Sciences</subfield></datafield><datafield ind1=" " ind2=" " tag="852"><subfield code="a">11941</subfield></datafield></record></collection>